<?xml version="1.0" encoding="UTF-8"?><collection xmlns="http://www.loc.gov/MARC21/slim"><record><leader>00356nam--2200121-i-4500</leader><controlfield tag="001">000040918</controlfield><controlfield tag="002">20161230</controlfield><controlfield tag="005">20161230201042</controlfield><controlfield tag="008">060222s1000------------r-----000-0-eng-d</controlfield><datafield ind1=" " ind2=" " tag="100"><subfield code="a">Scott, Russell B</subfield></datafield><datafield ind1=" " ind2=" " tag="245"><subfield code="a">Cryogenic engineering. prepared gor the atomic energy commission</subfield></datafield><datafield ind1=" " ind2=" " tag="260"><subfield code="a">Princeton, N.J., D.Van Nostrand Co.Ind., 1959, Xi+368p</subfield></datafield><datafield ind1=" " ind2=" " tag="852"><subfield code="a">14281</subfield></datafield></record></collection>